%YAML 1.1
%TAG !u! tag:unity3d.com,2011:
--- !u!1001 &100100000
Prefab:
  m_ObjectHideFlags: 1
  serializedVersion: 2
  m_Modification:
    m_TransformParent: {fileID: 0}
    m_Modifications: []
    m_RemovedComponents: []
  m_SourcePrefab: {fileID: 0}
  m_RootGameObject: {fileID: 1101708264210942}
  m_IsPrefabAsset: 1
--- !u!1 &1014841380260736
GameObject:
  m_ObjectHideFlags: 1
  m_CorrespondingSourceObject: {fileID: 0}
  m_PrefabInternal: {fileID: 100100000}
  serializedVersion: 6
  m_Component:
  - component: {fileID: 4172819669662318}
  m_Layer: 0
  m_Name: preJet (2)
  m_TagString: Untagged
  m_Icon: {fileID: 0}
  m_NavMeshLayer: 0
  m_StaticEditorFlags: 0
  m_IsActive: 1
--- !u!1 &1054307310030740
GameObject:
  m_ObjectHideFlags: 1
  m_CorrespondingSourceObject: {fileID: 0}
  m_PrefabInternal: {fileID: 100100000}
  serializedVersion: 6
  m_Component:
  - component: {fileID: 4555965383177280}
  - component: {fileID: 114597010761124476}
  - component: {fileID: 114889509329117832}
  m_Layer: 0
  m_Name: Flame
  m_TagString: Untagged
  m_Icon: {fileID: 0}
  m_NavMeshLayer: 0
  m_StaticEditorFlags: 0
  m_IsActive: 0
--- !u!1 &1101708264210942
GameObject:
  m_ObjectHideFlags: 0
  m_CorrespondingSourceObject: {fileID: 0}
  m_PrefabInternal: {fileID: 100100000}
  serializedVersion: 6
  m_Component:
  - component: {fileID: 4466207400234360}
  - component: {fileID: 114535254252008720}
  - component: {fileID: 61841286122539114}
  - component: {fileID: 50330327005774478}
  - component: {fileID: 114399330713779286}
  - component: {fileID: 114356733406228278}
  - component: {fileID: 210728422134958710}
  m_Layer: 0
  m_Name: prefabPlane
  m_TagString: Untagged
  m_Icon: {fileID: 0}
  m_NavMeshLayer: 0
  m_StaticEditorFlags: 0
  m_IsActive: 1
--- !u!1 &1126105245854226
GameObject:
  m_ObjectHideFlags: 1
  m_CorrespondingSourceObject: {fileID: 0}
  m_PrefabInternal: {fileID: 100100000}
  serializedVersion: 6
  m_Component:
  - component: {fileID: 4685258162951140}
  - component: {fileID: 114444659912366034}
  m_Layer: 0
  m_Name: preComboJet_Crazy
  m_TagString: Untagged
  m_Icon: {fileID: 0}
  m_NavMeshLayer: 0
  m_StaticEditorFlags: 0
  m_IsActive: 0
--- !u!1 &1177389143135692
GameObject:
  m_ObjectHideFlags: 1
  m_CorrespondingSourceObject: {fileID: 0}
  m_PrefabInternal: {fileID: 100100000}
  serializedVersion: 6
  m_Component:
  - component: {fileID: 4196828679054782}
  - component: {fileID: 212262653091803674}
  m_Layer: 0
  m_Name: srMain
  m_TagString: Untagged
  m_Icon: {fileID: 0}
  m_NavMeshLayer: 0
  m_StaticEditorFlags: 0
  m_IsActive: 1
--- !u!1 &1422153442074922
GameObject:
  m_ObjectHideFlags: 0
  m_CorrespondingSourceObject: {fileID: 0}
  m_PrefabInternal: {fileID: 100100000}
  serializedVersion: 6
  m_Component:
  - component: {fileID: 4742107591717662}
  m_Layer: 0
  m_Name: containerEffects
  m_TagString: Untagged
  m_Icon: {fileID: 0}
  m_NavMeshLayer: 0
  m_StaticEditorFlags: 0
  m_IsActive: 1
--- !u!1 &1427522013422850
GameObject:
  m_ObjectHideFlags: 1
  m_CorrespondingSourceObject: {fileID: 0}
  m_PrefabInternal: {fileID: 100100000}
  serializedVersion: 6
  m_Component:
  - component: {fileID: 4908136990154580}
  m_Layer: 0
  m_Name: preJet (2)
  m_TagString: Untagged
  m_Icon: {fileID: 0}
  m_NavMeshLayer: 0
  m_StaticEditorFlags: 0
  m_IsActive: 1
--- !u!1 &1476820268244610
GameObject:
  m_ObjectHideFlags: 1
  m_CorrespondingSourceObject: {fileID: 0}
  m_PrefabInternal: {fileID: 100100000}
  serializedVersion: 6
  m_Component:
  - component: {fileID: 4667457647535390}
  - component: {fileID: 114718231671976244}
  - component: {fileID: 114403029301265838}
  m_Layer: 0
  m_Name: Flame
  m_TagString: Untagged
  m_Icon: {fileID: 0}
  m_NavMeshLayer: 0
  m_StaticEditorFlags: 0
  m_IsActive: 0
--- !u!1 &1552822412513324
GameObject:
  m_ObjectHideFlags: 0
  m_CorrespondingSourceObject: {fileID: 0}
  m_PrefabInternal: {fileID: 100100000}
  serializedVersion: 6
  m_Component:
  - component: {fileID: 4311956066267302}
  - component: {fileID: 210747865872375958}
  m_Layer: 0
  m_Name: containerMain
  m_TagString: Untagged
  m_Icon: {fileID: 0}
  m_NavMeshLayer: 0
  m_StaticEditorFlags: 0
  m_IsActive: 1
--- !u!1 &1575136033391200
GameObject:
  m_ObjectHideFlags: 1
  m_CorrespondingSourceObject: {fileID: 0}
  m_PrefabInternal: {fileID: 100100000}
  serializedVersion: 6
  m_Component:
  - component: {fileID: 4275830858752400}
  - component: {fileID: 212484447231780836}
  m_Layer: 0
  m_Name: srForMergeAnimation
  m_TagString: Untagged
  m_Icon: {fileID: 0}
  m_NavMeshLayer: 0
  m_StaticEditorFlags: 0
  m_IsActive: 0
--- !u!1 &1602130067318092
GameObject:
  m_ObjectHideFlags: 1
  m_CorrespondingSourceObject: {fileID: 0}
  m_PrefabInternal: {fileID: 100100000}
  serializedVersion: 6
  m_Component:
  - component: {fileID: 4725998056079200}
  - component: {fileID: 114151452448530330}
  - component: {fileID: 114475505134636934}
  m_Layer: 0
  m_Name: Flame
  m_TagString: Untagged
  m_Icon: {fileID: 0}
  m_NavMeshLayer: 0
  m_StaticEditorFlags: 0
  m_IsActive: 1
--- !u!1 &1630723983936488
GameObject:
  m_ObjectHideFlags: 1
  m_CorrespondingSourceObject: {fileID: 0}
  m_PrefabInternal: {fileID: 100100000}
  serializedVersion: 6
  m_Component:
  - component: {fileID: 4111455616727492}
  - component: {fileID: 114309306992969290}
  m_Layer: 0
  m_Name: preComboJet_Normal
  m_TagString: Untagged
  m_Icon: {fileID: 0}
  m_NavMeshLayer: 0
  m_StaticEditorFlags: 0
  m_IsActive: 1
--- !u!1 &1721332050001134
GameObject:
  m_ObjectHideFlags: 1
  m_CorrespondingSourceObject: {fileID: 0}
  m_PrefabInternal: {fileID: 100100000}
  serializedVersion: 6
  m_Component:
  - component: {fileID: 4840257635155242}
  m_Layer: 0
  m_Name: preJet (3)
  m_TagString: Untagged
  m_Icon: {fileID: 0}
  m_NavMeshLayer: 0
  m_StaticEditorFlags: 0
  m_IsActive: 1
--- !u!1 &1737425474155196
GameObject:
  m_ObjectHideFlags: 1
  m_CorrespondingSourceObject: {fileID: 0}
  m_PrefabInternal: {fileID: 100100000}
  serializedVersion: 6
  m_Component:
  - component: {fileID: 4763202421404634}
  m_Layer: 0
  m_Name: preJet (3)
  m_TagString: Untagged
  m_Icon: {fileID: 0}
  m_NavMeshLayer: 0
  m_StaticEditorFlags: 0
  m_IsActive: 1
--- !u!1 &1758325843978166
GameObject:
  m_ObjectHideFlags: 0
  m_CorrespondingSourceObject: {fileID: 0}
  m_PrefabInternal: {fileID: 100100000}
  serializedVersion: 6
  m_Component:
  - component: {fileID: 4451074977406610}
  - component: {fileID: 210105776876107810}
  m_Layer: 0
  m_Name: BaoXIang
  m_TagString: Untagged
  m_Icon: {fileID: 0}
  m_NavMeshLayer: 0
  m_StaticEditorFlags: 0
  m_IsActive: 0
--- !u!1 &1814053857178886
GameObject:
  m_ObjectHideFlags: 1
  m_CorrespondingSourceObject: {fileID: 0}
  m_PrefabInternal: {fileID: 100100000}
  serializedVersion: 6
  m_Component:
  - component: {fileID: 4724547703700636}
  - component: {fileID: 212185330735809906}
  - component: {fileID: 114395213171476858}
  m_Layer: 0
  m_Name: srBaoXiang
  m_TagString: Untagged
  m_Icon: {fileID: 0}
  m_NavMeshLayer: 0
  m_StaticEditorFlags: 0
  m_IsActive: 1
--- !u!1 &1956472334154202
GameObject:
  m_ObjectHideFlags: 1
  m_CorrespondingSourceObject: {fileID: 0}
  m_PrefabInternal: {fileID: 100100000}
  serializedVersion: 6
  m_Component:
  - component: {fileID: 4223129128733670}
  - component: {fileID: 114233309315828022}
  - component: {fileID: 114584063438838022}
  m_Layer: 0
  m_Name: Flame
  m_TagString: Untagged
  m_Icon: {fileID: 0}
  m_NavMeshLayer: 0
  m_StaticEditorFlags: 0
  m_IsActive: 1
--- !u!4 &4111455616727492
Transform:
  m_ObjectHideFlags: 1
  m_CorrespondingSourceObject: {fileID: 0}
  m_PrefabInternal: {fileID: 100100000}
  m_GameObject: {fileID: 1630723983936488}
  m_LocalRotation: {x: 0, y: 0, z: 0, w: 1}
  m_LocalPosition: {x: 0, y: 0, z: 0}
  m_LocalScale: {x: 1, y: 1, z: 1}
  m_Children:
  - {fileID: 4172819669662318}
  - {fileID: 4763202421404634}
  m_Father: {fileID: 4742107591717662}
  m_RootOrder: 1
  m_LocalEulerAnglesHint: {x: 0, y: 0, z: 0}
--- !u!4 &4172819669662318
Transform:
  m_ObjectHideFlags: 1
  m_CorrespondingSourceObject: {fileID: 0}
  m_PrefabInternal: {fileID: 100100000}
  m_GameObject: {fileID: 1014841380260736}
  m_LocalRotation: {x: -0, y: -0, z: -0, w: 1}
  m_LocalPosition: {x: 0.21, y: 0, z: 0}
  m_LocalScale: {x: 0.10000008, y: 0.10000008, z: 0.099999994}
  m_Children:
  - {fileID: 4667457647535390}
  m_Father: {fileID: 4111455616727492}
  m_RootOrder: 0
  m_LocalEulerAnglesHint: {x: 0, y: 0, z: 0}
--- !u!4 &4196828679054782
Transform:
  m_ObjectHideFlags: 1
  m_CorrespondingSourceObject: {fileID: 0}
  m_PrefabInternal: {fileID: 100100000}
  m_GameObject: {fileID: 1177389143135692}
  m_LocalRotation: {x: -0, y: -0, z: -0, w: 1}
  m_LocalPosition: {x: 0.000000029802322, y: 0, z: 0}
  m_LocalScale: {x: 1, y: 1, z: 1}
  m_Children: []
  m_Father: {fileID: 4311956066267302}
  m_RootOrder: 0
  m_LocalEulerAnglesHint: {x: 0, y: 0, z: 0}
--- !u!4 &4223129128733670
Transform:
  m_ObjectHideFlags: 1
  m_CorrespondingSourceObject: {fileID: 0}
  m_PrefabInternal: {fileID: 100100000}
  m_GameObject: {fileID: 1956472334154202}
  m_LocalRotation: {x: -0.9659258, y: 0.25881913, z: -0.000000026077034, w: -0.0000000018626454}
  m_LocalPosition: {x: -0, y: 0, z: 0.6780393}
  m_LocalScale: {x: 1, y: 1, z: 1}
  m_Children: []
  m_Father: {fileID: 4840257635155242}
  m_RootOrder: 0
  m_LocalEulerAnglesHint: {x: 0, y: 0, z: 0}
--- !u!4 &4275830858752400
Transform:
  m_ObjectHideFlags: 1
  m_CorrespondingSourceObject: {fileID: 0}
  m_PrefabInternal: {fileID: 100100000}
  m_GameObject: {fileID: 1575136033391200}
  m_LocalRotation: {x: -0, y: -0, z: -0, w: 1}
  m_LocalPosition: {x: -0.000000029802322, y: 0, z: 0}
  m_LocalScale: {x: 1, y: 1, z: 1}
  m_Children: []
  m_Father: {fileID: 4311956066267302}
  m_RootOrder: 1
  m_LocalEulerAnglesHint: {x: 0, y: 0, z: 0}
--- !u!4 &4311956066267302
Transform:
  m_ObjectHideFlags: 1
  m_CorrespondingSourceObject: {fileID: 0}
  m_PrefabInternal: {fileID: 100100000}
  m_GameObject: {fileID: 1552822412513324}
  m_LocalRotation: {x: 0, y: 0, z: 0, w: 1}
  m_LocalPosition: {x: 0, y: 0, z: 0}
  m_LocalScale: {x: 1, y: 1, z: 1}
  m_Children:
  - {fileID: 4196828679054782}
  - {fileID: 4275830858752400}
  m_Father: {fileID: 4466207400234360}
  m_RootOrder: 0
  m_LocalEulerAnglesHint: {x: 0, y: 0, z: 0}
--- !u!4 &4451074977406610
Transform:
  m_ObjectHideFlags: 1
  m_CorrespondingSourceObject: {fileID: 0}
  m_PrefabInternal: {fileID: 100100000}
  m_GameObject: {fileID: 1758325843978166}
  m_LocalRotation: {x: 0, y: 0, z: 0, w: 1}
  m_LocalPosition: {x: 0, y: -1, z: 0}
  m_LocalScale: {x: 1, y: 1, z: 1}
  m_Children:
  - {fileID: 4724547703700636}
  m_Father: {fileID: 4466207400234360}
  m_RootOrder: 2
  m_LocalEulerAnglesHint: {x: 0, y: 0, z: 0}
--- !u!4 &4466207400234360
Transform:
  m_ObjectHideFlags: 1
  m_CorrespondingSourceObject: {fileID: 0}
  m_PrefabInternal: {fileID: 100100000}
  m_GameObject: {fileID: 1101708264210942}
  m_LocalRotation: {x: 0, y: 0, z: 0, w: 1}
  m_LocalPosition: {x: -1.6225319, y: -6.946654, z: 0}
  m_LocalScale: {x: 0.89, y: 0.89, z: 1}
  m_Children:
  - {fileID: 4311956066267302}
  - {fileID: 4742107591717662}
  - {fileID: 4451074977406610}
  m_Father: {fileID: 0}
  m_RootOrder: 0
  m_LocalEulerAnglesHint: {x: 0, y: 0, z: 0}
--- !u!4 &4555965383177280
Transform:
  m_ObjectHideFlags: 1
  m_CorrespondingSourceObject: {fileID: 0}
  m_PrefabInternal: {fileID: 100100000}
  m_GameObject: {fileID: 1054307310030740}
  m_LocalRotation: {x: -0.9659258, y: 0.25881913, z: -0.000000026077034, w: -0.0000000018626454}
  m_LocalPosition: {x: -0, y: 0, z: 0.6780393}
  m_LocalScale: {x: 1, y: 1, z: 1}
  m_Children: []
  m_Father: {fileID: 4763202421404634}
  m_RootOrder: 0
  m_LocalEulerAnglesHint: {x: 0, y: 0, z: 0}
--- !u!4 &4667457647535390
Transform:
  m_ObjectHideFlags: 1
  m_CorrespondingSourceObject: {fileID: 0}
  m_PrefabInternal: {fileID: 100100000}
  m_GameObject: {fileID: 1476820268244610}
  m_LocalRotation: {x: -0.9659258, y: 0.25881913, z: -0.000000026077034, w: -0.0000000018626454}
  m_LocalPosition: {x: -0, y: 0, z: 0.6780393}
  m_LocalScale: {x: 1, y: 1, z: 1}
  m_Children: []
  m_Father: {fileID: 4172819669662318}
  m_RootOrder: 0
  m_LocalEulerAnglesHint: {x: 0, y: 0, z: 0}
--- !u!4 &4685258162951140
Transform:
  m_ObjectHideFlags: 1
  m_CorrespondingSourceObject: {fileID: 0}
  m_PrefabInternal: {fileID: 100100000}
  m_GameObject: {fileID: 1126105245854226}
  m_LocalRotation: {x: 0, y: 0, z: 0, w: 1}
  m_LocalPosition: {x: 0, y: 0, z: 0}
  m_LocalScale: {x: 1, y: 1, z: 1}
  m_Children:
  - {fileID: 4908136990154580}
  - {fileID: 4840257635155242}
  m_Father: {fileID: 4742107591717662}
  m_RootOrder: 0
  m_LocalEulerAnglesHint: {x: 0, y: 0, z: 0}
--- !u!4 &4724547703700636
Transform:
  m_ObjectHideFlags: 1
  m_CorrespondingSourceObject: {fileID: 0}
  m_PrefabInternal: {fileID: 100100000}
  m_GameObject: {fileID: 1814053857178886}
  m_LocalRotation: {x: 0, y: 0, z: 0, w: 1}
  m_LocalPosition: {x: 0, y: 0, z: 0}
  m_LocalScale: {x: 1, y: 1, z: 1}
  m_Children: []
  m_Father: {fileID: 4451074977406610}
  m_RootOrder: 0
  m_LocalEulerAnglesHint: {x: 0, y: 0, z: 0}
--- !u!4 &4725998056079200
Transform:
  m_ObjectHideFlags: 1
  m_CorrespondingSourceObject: {fileID: 0}
  m_PrefabInternal: {fileID: 100100000}
  m_GameObject: {fileID: 1602130067318092}
  m_LocalRotation: {x: -0.9659258, y: 0.25881913, z: -0.000000026077034, w: -0.0000000018626454}
  m_LocalPosition: {x: -0, y: 0, z: 0.6780393}
  m_LocalScale: {x: 1, y: 1, z: 1}
  m_Children: []
  m_Father: {fileID: 4908136990154580}
  m_RootOrder: 0
  m_LocalEulerAnglesHint: {x: 0, y: 0, z: 0}
--- !u!4 &4742107591717662
Transform:
  m_ObjectHideFlags: 1
  m_CorrespondingSourceObject: {fileID: 0}
  m_PrefabInternal: {fileID: 100100000}
  m_GameObject: {fileID: 1422153442074922}
  m_LocalRotation: {x: 0, y: 0, z: 0, w: 1}
  m_LocalPosition: {x: 0, y: 0, z: 0}
  m_LocalScale: {x: 1, y: 1, z: 1}
  m_Children:
  - {fileID: 4685258162951140}
  - {fileID: 4111455616727492}
  m_Father: {fileID: 4466207400234360}
  m_RootOrder: 1
  m_LocalEulerAnglesHint: {x: 0, y: 0, z: 0}
--- !u!4 &4763202421404634
Transform:
  m_ObjectHideFlags: 1
  m_CorrespondingSourceObject: {fileID: 0}
  m_PrefabInternal: {fileID: 100100000}
  m_GameObject: {fileID: 1737425474155196}
  m_LocalRotation: {x: -0, y: -0, z: -0, w: 1}
  m_LocalPosition: {x: -0.21000014, y: 0, z: 0}
  m_LocalScale: {x: 0.10000008, y: 0.10000008, z: 0.099999994}
  m_Children:
  - {fileID: 4555965383177280}
  m_Father: {fileID: 4111455616727492}
  m_RootOrder: 1
  m_LocalEulerAnglesHint: {x: 0, y: 0, z: 0}
--- !u!4 &4840257635155242
Transform:
  m_ObjectHideFlags: 1
  m_CorrespondingSourceObject: {fileID: 0}
  m_PrefabInternal: {fileID: 100100000}
  m_GameObject: {fileID: 1721332050001134}
  m_LocalRotation: {x: -0, y: -0, z: -0, w: 1}
  m_LocalPosition: {x: -0.21000014, y: 0, z: 0}
  m_LocalScale: {x: 0.10000008, y: 0.10000008, z: 0.099999994}
  m_Children:
  - {fileID: 4223129128733670}
  m_Father: {fileID: 4685258162951140}
  m_RootOrder: 1
  m_LocalEulerAnglesHint: {x: 0, y: 0, z: 0}
--- !u!4 &4908136990154580
Transform:
  m_ObjectHideFlags: 1
  m_CorrespondingSourceObject: {fileID: 0}
  m_PrefabInternal: {fileID: 100100000}
  m_GameObject: {fileID: 1427522013422850}
  m_LocalRotation: {x: -0, y: -0, z: -0, w: 1}
  m_LocalPosition: {x: 0.13000014, y: 0, z: 0}
  m_LocalScale: {x: 0.10000008, y: 0.10000008, z: 0.099999994}
  m_Children:
  - {fileID: 4725998056079200}
  m_Father: {fileID: 4685258162951140}
  m_RootOrder: 0
  m_LocalEulerAnglesHint: {x: 0, y: 0, z: 0}
--- !u!50 &50330327005774478
Rigidbody2D:
  serializedVersion: 4
  m_ObjectHideFlags: 1
  m_CorrespondingSourceObject: {fileID: 0}
  m_PrefabInternal: {fileID: 100100000}
  m_GameObject: {fileID: 1101708264210942}
  m_BodyType: 0
  m_Simulated: 1
  m_UseFullKinematicContacts: 0
  m_UseAutoMass: 0
  m_Mass: 1
  m_LinearDrag: 0
  m_AngularDrag: 0.05
  m_GravityScale: 0
  m_Material: {fileID: 0}
  m_Interpolate: 0
  m_SleepingMode: 1
  m_CollisionDetection: 0
  m_Constraints: 0
--- !u!61 &61841286122539114
BoxCollider2D:
  m_ObjectHideFlags: 1
  m_CorrespondingSourceObject: {fileID: 0}
  m_PrefabInternal: {fileID: 100100000}
  m_GameObject: {fileID: 1101708264210942}
  m_Enabled: 1
  m_Density: 1
  m_Material: {fileID: 0}
  m_IsTrigger: 1
  m_UsedByEffector: 0
  m_UsedByComposite: 0
  m_Offset: {x: 0, y: 0.01}
  m_SpriteTilingProperty:
    border: {x: 0, y: 0, z: 0, w: 0}
    pivot: {x: 0, y: 0}
    oldSize: {x: 0, y: 0}
    newSize: {x: 0, y: 0}
    adaptiveTilingThreshold: 0
    drawMode: 0
    adaptiveTiling: 0
  m_AutoTiling: 0
  serializedVersion: 2
  m_Size: {x: 1.85, y: 1.64}
  m_EdgeRadius: 0
--- !u!114 &114151452448530330
MonoBehaviour:
  m_ObjectHideFlags: 1
  m_CorrespondingSourceObject: {fileID: 0}
  m_PrefabInternal: {fileID: 100100000}
  m_GameObject: {fileID: 1602130067318092}
  m_Enabled: 0
  m_EditorHideFlags: 0
  m_Script: {fileID: 11500000, guid: 98335f20237e3de42a9f0b6415312e23, type: 3}
  m_Name: 
  m_EditorClassIdentifier: 
  TrailData:
    TrailMaterial: {fileID: 2100000, guid: a6c0d0c41df93a243b0e594e935d9a86, type: 2}
    Lifetime: 0.01
    UsingSimpleSize: 0
    SimpleSizeOverLifeStart: 0
    SimpleSizeOverLifeEnd: 0
    SizeOverLife:
      serializedVersion: 2
      m_Curve:
      - serializedVersion: 3
        time: 0
        value: 0.32
        inSlope: 0
        outSlope: 0
        tangentMode: 0
        weightedMode: 0
        inWeight: 0.33333334
        outWeight: 0.33333334
      - serializedVersion: 3
        time: 0.12504676
        value: 0.32065296
        inSlope: -0.98705214
        outSlope: -0.98705214
        tangentMode: 0
        weightedMode: 0
        inWeight: 0.33333334
        outWeight: 0.33333334
      - serializedVersion: 3
        time: 1
        value: 0
        inSlope: -0.2667043
        outSlope: -0.2667043
        tangentMode: 0
        weightedMode: 0
        inWeight: 0.33333334
        outWeight: 0.33333334
      m_PreInfinity: 2
      m_PostInfinity: 2
      m_RotationOrder: 4
    UsingSimpleColor: 0
    SimpleColorOverLifeStart: {r: 0, g: 0, b: 0, a: 0}
    SimpleColorOverLifeEnd: {r: 0, g: 0, b: 0, a: 0}
    ColorOverLife:
      serializedVersion: 2
      key0: {r: 0.9433962, g: 0.57174474, b: 0.30704877, a: 1}
      key1: {r: 1, g: 0, b: 0, a: 0}
      key2: {r: 1, g: 0.9137255, b: 0, a: 0}
      key3: {r: 0, g: 0, b: 0, a: 0}
      key4: {r: 0, g: 0, b: 0, a: 0}
      key5: {r: 0, g: 0, b: 0, a: 0}
      key6: {r: 0, g: 0, b: 0, a: 0}
      key7: {r: 0, g: 0, b: 0, a: 0}
      ctime0: 0
      ctime1: 65535
      ctime2: 65535
      ctime3: 0
      ctime4: 0
      ctime5: 0
      ctime6: 0
      ctime7: 0
      atime0: 0
      atime1: 65535
      atime2: 65535
      atime3: 0
      atime4: 0
      atime5: 0
      atime6: 0
      atime7: 0
      m_Mode: 0
      m_NumColorKeys: 2
      m_NumAlphaKeys: 2
    StretchSizeToFit: 0
    StretchColorToFit: 0
    MaterialTileLength: 1
    UseForwardOverride: 1
    ForwardOverride: {x: -1, y: 0, z: 0}
    ForwardOverrideRelative: 1
  Emit: 1
  MinVertexDistance: 0.1
  MaxNumberOfPoints: 50
  RandomForceScale: 0.1
--- !u!114 &114233309315828022
MonoBehaviour:
  m_ObjectHideFlags: 1
  m_CorrespondingSourceObject: {fileID: 0}
  m_PrefabInternal: {fileID: 100100000}
  m_GameObject: {fileID: 1956472334154202}
  m_Enabled: 0
  m_EditorHideFlags: 0
  m_Script: {fileID: 11500000, guid: 98335f20237e3de42a9f0b6415312e23, type: 3}
  m_Name: 
  m_EditorClassIdentifier: 
  TrailData:
    TrailMaterial: {fileID: 2100000, guid: a6c0d0c41df93a243b0e594e935d9a86, type: 2}
    Lifetime: 0.01
    UsingSimpleSize: 0
    SimpleSizeOverLifeStart: 0
    SimpleSizeOverLifeEnd: 0
    SizeOverLife:
      serializedVersion: 2
      m_Curve:
      - serializedVersion: 3
        time: 0
        value: 0.32
        inSlope: 0
        outSlope: 0
        tangentMode: 0
        weightedMode: 0
        inWeight: 0.33333334
        outWeight: 0.33333334
      - serializedVersion: 3
        time: 0.12504676
        value: 0.32065296
        inSlope: -0.98705214
        outSlope: -0.98705214
        tangentMode: 0
        weightedMode: 0
        inWeight: 0.33333334
        outWeight: 0.33333334
      - serializedVersion: 3
        time: 1
        value: 0
        inSlope: -0.2667043
        outSlope: -0.2667043
        tangentMode: 0
        weightedMode: 0
        inWeight: 0.33333334
        outWeight: 0.33333334
      m_PreInfinity: 2
      m_PostInfinity: 2
      m_RotationOrder: 4
    UsingSimpleColor: 0
    SimpleColorOverLifeStart: {r: 0, g: 0, b: 0, a: 0}
    SimpleColorOverLifeEnd: {r: 0, g: 0, b: 0, a: 0}
    ColorOverLife:
      serializedVersion: 2
      key0: {r: 0.9433962, g: 0.57174474, b: 0.30704877, a: 1}
      key1: {r: 1, g: 0, b: 0, a: 0}
      key2: {r: 1, g: 0.9137255, b: 0, a: 0}
      key3: {r: 0, g: 0, b: 0, a: 0}
      key4: {r: 0, g: 0, b: 0, a: 0}
      key5: {r: 0, g: 0, b: 0, a: 0}
      key6: {r: 0, g: 0, b: 0, a: 0}
      key7: {r: 0, g: 0, b: 0, a: 0}
      ctime0: 0
      ctime1: 65535
      ctime2: 65535
      ctime3: 0
      ctime4: 0
      ctime5: 0
      ctime6: 0
      ctime7: 0
      atime0: 0
      atime1: 65535
      atime2: 65535
      atime3: 0
      atime4: 0
      atime5: 0
      atime6: 0
      atime7: 0
      m_Mode: 0
      m_NumColorKeys: 2
      m_NumAlphaKeys: 2
    StretchSizeToFit: 0
    StretchColorToFit: 0
    MaterialTileLength: 1
    UseForwardOverride: 1
    ForwardOverride: {x: -1, y: 0, z: 0}
    ForwardOverrideRelative: 1
  Emit: 1
  MinVertexDistance: 0.1
  MaxNumberOfPoints: 50
  RandomForceScale: 0.1
--- !u!114 &114309306992969290
MonoBehaviour:
  m_ObjectHideFlags: 1
  m_CorrespondingSourceObject: {fileID: 0}
  m_PrefabInternal: {fileID: 100100000}
  m_GameObject: {fileID: 1630723983936488}
  m_Enabled: 1
  m_EditorHideFlags: 0
  m_Script: {fileID: 11500000, guid: d2429dd0577924b5c925777839cc7922, type: 3}
  m_Name: 
  m_EditorClassIdentifier: 
  _trail0: {fileID: 114403029301265838}
  _trail1: {fileID: 114889509329117832}
--- !u!114 &114356733406228278
MonoBehaviour:
  m_ObjectHideFlags: 1
  m_CorrespondingSourceObject: {fileID: 0}
  m_PrefabInternal: {fileID: 100100000}
  m_GameObject: {fileID: 1101708264210942}
  m_Enabled: 1
  m_EditorHideFlags: 0
  m_Script: {fileID: 11500000, guid: 09001f154f21a47cba5b46f99bf946d8, type: 3}
  m_Name: 
  m_EditorClassIdentifier: 
  m_nTotalTimes: 10
  m_fShakeInterval: 0.05
  m_fShakeAngle: 5
--- !u!114 &114395213171476858
MonoBehaviour:
  m_ObjectHideFlags: 1
  m_CorrespondingSourceObject: {fileID: 0}
  m_PrefabInternal: {fileID: 100100000}
  m_GameObject: {fileID: 1814053857178886}
  m_Enabled: 1
  m_EditorHideFlags: 0
  m_Script: {fileID: 11500000, guid: 81aa88f504f984762b22e6ceca5f2bfd, type: 3}
  m_Name: 
  m_EditorClassIdentifier: 
  m_bAutoaPlay: 0
  m_bLoop: 0
  _bHideWhenEnd: 0
  m_fScaleTime: 0.08
  m_fWaitTime: 0
  m_fMaxScale: 0.9
  m_fInitScale: 1
  _bWithRotate: 0
  _fMaxRotateAngle: 0
  _goShadow: {fileID: 0}
  m_eAxis: 2
--- !u!114 &114399330713779286
MonoBehaviour:
  m_ObjectHideFlags: 1
  m_CorrespondingSourceObject: {fileID: 0}
  m_PrefabInternal: {fileID: 100100000}
  m_GameObject: {fileID: 1101708264210942}
  m_Enabled: 1
  m_EditorHideFlags: 0
  m_Script: {fileID: 11500000, guid: 81aa88f504f984762b22e6ceca5f2bfd, type: 3}
  m_Name: 
  m_EditorClassIdentifier: 
  m_bAutoaPlay: 0
  m_bLoop: 0
  _bHideWhenEnd: 0
  m_fScaleTime: 0.2
  m_fWaitTime: 0
  m_fMaxScale: 1.5
  m_fInitScale: 1
  _bWithRotate: 0
  _fMaxRotateAngle: 0
  _goShadow: {fileID: 0}
  m_eAxis: 0
--- !u!114 &114403029301265838
MonoBehaviour:
  m_ObjectHideFlags: 1
  m_CorrespondingSourceObject: {fileID: 0}
  m_PrefabInternal: {fileID: 100100000}
  m_GameObject: {fileID: 1476820268244610}
  m_Enabled: 1
  m_EditorHideFlags: 0
  m_Script: {fileID: 11500000, guid: 5f742ccbd25717e438dd6fdea4d66bad, type: 3}
  m_Name: 
  m_EditorClassIdentifier: 
  TrailData:
    TrailMaterial: {fileID: 2100000, guid: 2c45238b0e8e5b443a693d7c92c89d3e, type: 2}
    Lifetime: 0.2
    UsingSimpleSize: 0
    SimpleSizeOverLifeStart: 0
    SimpleSizeOverLifeEnd: 0
    SizeOverLife:
      serializedVersion: 2
      m_Curve:
      - serializedVersion: 3
        time: 0.05833435
        value: 0.21499863
        inSlope: 0
        outSlope: 0
        tangentMode: 0
        weightedMode: 0
        inWeight: 0.33333334
        outWeight: 0.33333334
      - serializedVersion: 3
        time: 1
        value: 0
        inSlope: 0
        outSlope: 0
        tangentMode: 0
        weightedMode: 0
        inWeight: 0.33333334
        outWeight: 0.33333334
      m_PreInfinity: 2
      m_PostInfinity: 2
      m_RotationOrder: 4
    UsingSimpleColor: 0
    SimpleColorOverLifeStart: {r: 0, g: 0, b: 0, a: 0}
    SimpleColorOverLifeEnd: {r: 0, g: 0, b: 0, a: 0}
    ColorOverLife:
      serializedVersion: 2
      key0: {r: 0.9490196, g: 0.36862746, b: 0.105882354, a: 1}
      key1: {r: 1, g: 0.80784315, b: 0, a: 1}
      key2: {r: 0, g: 0.25490198, b: 1, a: 0}
      key3: {r: 0, g: 0, b: 0, a: 0}
      key4: {r: 0, g: 0, b: 0, a: 0}
      key5: {r: 0, g: 0, b: 0, a: 0}
      key6: {r: 0, g: 0, b: 0, a: 0}
      key7: {r: 0, g: 0, b: 0, a: 0}
      ctime0: 386
      ctime1: 65535
      ctime2: 65535
      ctime3: 0
      ctime4: 0
      ctime5: 0
      ctime6: 0
      ctime7: 0
      atime0: 0
      atime1: 65535
      atime2: 65535
      atime3: 0
      atime4: 0
      atime5: 0
      atime6: 0
      atime7: 0
      m_Mode: 0
      m_NumColorKeys: 2
      m_NumAlphaKeys: 2
    StretchSizeToFit: 0
    StretchColorToFit: 0
    MaterialTileLength: 0
    UseForwardOverride: 0
    ForwardOverride: {x: -1, y: 0, z: 0}
    ForwardOverrideRelative: 1
  Emit: 1
  MinVertexDistance: 0.1
  MaxNumberOfPoints: 50
--- !u!114 &114444659912366034
MonoBehaviour:
  m_ObjectHideFlags: 1
  m_CorrespondingSourceObject: {fileID: 0}
  m_PrefabInternal: {fileID: 100100000}
  m_GameObject: {fileID: 1126105245854226}
  m_Enabled: 1
  m_EditorHideFlags: 0
  m_Script: {fileID: 11500000, guid: d2429dd0577924b5c925777839cc7922, type: 3}
  m_Name: 
  m_EditorClassIdentifier: 
  _trail0: {fileID: 114475505134636934}
  _trail1: {fileID: 114584063438838022}
--- !u!114 &114475505134636934
MonoBehaviour:
  m_ObjectHideFlags: 1
  m_CorrespondingSourceObject: {fileID: 0}
  m_PrefabInternal: {fileID: 100100000}
  m_GameObject: {fileID: 1602130067318092}
  m_Enabled: 1
  m_EditorHideFlags: 0
  m_Script: {fileID: 11500000, guid: 5f742ccbd25717e438dd6fdea4d66bad, type: 3}
  m_Name: 
  m_EditorClassIdentifier: 
  TrailData:
    TrailMaterial: {fileID: 2100000, guid: 2c45238b0e8e5b443a693d7c92c89d3e, type: 2}
    Lifetime: 0.17
    UsingSimpleSize: 0
    SimpleSizeOverLifeStart: 0
    SimpleSizeOverLifeEnd: 0
    SizeOverLife:
      serializedVersion: 2
      m_Curve:
      - serializedVersion: 3
        time: 0.05833435
        value: 0.21499863
        inSlope: 0
        outSlope: 0
        tangentMode: 0
        weightedMode: 0
        inWeight: 0.33333334
        outWeight: 0.33333334
      - serializedVersion: 3
        time: 1
        value: 0
        inSlope: 0
        outSlope: 0
        tangentMode: 0
        weightedMode: 0
        inWeight: 0.33333334
        outWeight: 0.33333334
      m_PreInfinity: 2
      m_PostInfinity: 2
      m_RotationOrder: 4
    UsingSimpleColor: 0
    SimpleColorOverLifeStart: {r: 0, g: 0, b: 0, a: 0}
    SimpleColorOverLifeEnd: {r: 0, g: 0, b: 0, a: 0}
    ColorOverLife:
      serializedVersion: 2
      key0: {r: 0.9433962, g: 0.34765956, b: 0.14684942, a: 1}
      key1: {r: 1, g: 0.8387651, b: 0.09019607, a: 1}
      key2: {r: 0, g: 0.25490198, b: 1, a: 0}
      key3: {r: 0, g: 0, b: 0, a: 0}
      key4: {r: 0, g: 0, b: 0, a: 0}
      key5: {r: 0, g: 0, b: 0, a: 0}
      key6: {r: 0, g: 0, b: 0, a: 0}
      key7: {r: 0, g: 0, b: 0, a: 0}
      ctime0: 386
      ctime1: 65535
      ctime2: 65535
      ctime3: 0
      ctime4: 0
      ctime5: 0
      ctime6: 0
      ctime7: 0
      atime0: 0
      atime1: 65535
      atime2: 65535
      atime3: 0
      atime4: 0
      atime5: 0
      atime6: 0
      atime7: 0
      m_Mode: 0
      m_NumColorKeys: 2
      m_NumAlphaKeys: 2
    StretchSizeToFit: 0
    StretchColorToFit: 0
    MaterialTileLength: 0
    UseForwardOverride: 0
    ForwardOverride: {x: -1, y: 0, z: 0}
    ForwardOverrideRelative: 1
  Emit: 1
  MinVertexDistance: 0.1
  MaxNumberOfPoints: 50
--- !u!114 &114535254252008720
MonoBehaviour:
  m_ObjectHideFlags: 1
  m_CorrespondingSourceObject: {fileID: 0}
  m_PrefabInternal: {fileID: 100100000}
  m_GameObject: {fileID: 1101708264210942}
  m_Enabled: 1
  m_EditorHideFlags: 0
  m_Script: {fileID: 11500000, guid: 89b130ac5391940dbb861c0e711b00c2, type: 3}
  m_Name: 
  m_EditorClassIdentifier: 
  _SortingMain: {fileID: 210728422134958710}
  _jetRailNormal0: {fileID: 1014841380260736}
  _jetRailNormal1: {fileID: 1737425474155196}
  _jetRailCrazy: {fileID: 1014841380260736}
  _sortingGroup: {fileID: 210747865872375958}
  _basescaleBox: {fileID: 114395213171476858}
  _BaseScale: {fileID: 114399330713779286}
  _BaseShake: {fileID: 114356733406228278}
  m_srMain: {fileID: 212262653091803674}
  m_srForMergeAnimation: {fileID: 212484447231780836}
  m_goEffectJet: {fileID: 0}
  m_goContainerEffects: {fileID: 1422153442074922}
  m_gocontainerMain: {fileID: 1552822412513324}
  _goTrail: {fileID: 0}
  _renderTrail: {fileID: 0}
  _containerTreasureBox: {fileID: 1758325843978166}
--- !u!114 &114584063438838022
MonoBehaviour:
  m_ObjectHideFlags: 1
  m_CorrespondingSourceObject: {fileID: 0}
  m_PrefabInternal: {fileID: 100100000}
  m_GameObject: {fileID: 1956472334154202}
  m_Enabled: 1
  m_EditorHideFlags: 0
  m_Script: {fileID: 11500000, guid: 5f742ccbd25717e438dd6fdea4d66bad, type: 3}
  m_Name: 
  m_EditorClassIdentifier: 
  TrailData:
    TrailMaterial: {fileID: 2100000, guid: 2c45238b0e8e5b443a693d7c92c89d3e, type: 2}
    Lifetime: 0.17
    UsingSimpleSize: 0
    SimpleSizeOverLifeStart: 0
    SimpleSizeOverLifeEnd: 0
    SizeOverLife:
      serializedVersion: 2
      m_Curve:
      - serializedVersion: 3
        time: 0.05833435
        value: 0.21499863
        inSlope: 0
        outSlope: 0
        tangentMode: 0
        weightedMode: 0
        inWeight: 0.33333334
        outWeight: 0.33333334
      - serializedVersion: 3
        time: 1
        value: 0
        inSlope: 0
        outSlope: 0
        tangentMode: 0
        weightedMode: 0
        inWeight: 0.33333334
        outWeight: 0.33333334
      m_PreInfinity: 2
      m_PostInfinity: 2
      m_RotationOrder: 4
    UsingSimpleColor: 0
    SimpleColorOverLifeStart: {r: 0, g: 0, b: 0, a: 0}
    SimpleColorOverLifeEnd: {r: 0, g: 0, b: 0, a: 0}
    ColorOverLife:
      serializedVersion: 2
      key0: {r: 0.9622642, g: 0.3852781, b: 0, a: 1}
      key1: {r: 0.8867924, g: 0.7781878, b: 0.14640439, a: 1}
      key2: {r: 0, g: 0.25490198, b: 1, a: 0}
      key3: {r: 0, g: 0, b: 0, a: 0}
      key4: {r: 0, g: 0, b: 0, a: 0}
      key5: {r: 0, g: 0, b: 0, a: 0}
      key6: {r: 0, g: 0, b: 0, a: 0}
      key7: {r: 0, g: 0, b: 0, a: 0}
      ctime0: 386
      ctime1: 65535
      ctime2: 65535
      ctime3: 0
      ctime4: 0
      ctime5: 0
      ctime6: 0
      ctime7: 0
      atime0: 0
      atime1: 65535
      atime2: 65535
      atime3: 0
      atime4: 0
      atime5: 0
      atime6: 0
      atime7: 0
      m_Mode: 0
      m_NumColorKeys: 2
      m_NumAlphaKeys: 2
    StretchSizeToFit: 0
    StretchColorToFit: 0
    MaterialTileLength: 0
    UseForwardOverride: 0
    ForwardOverride: {x: -1, y: 0, z: 0}
    ForwardOverrideRelative: 1
  Emit: 1
  MinVertexDistance: 0.1
  MaxNumberOfPoints: 50
--- !u!114 &114597010761124476
MonoBehaviour:
  m_ObjectHideFlags: 1
  m_CorrespondingSourceObject: {fileID: 0}
  m_PrefabInternal: {fileID: 100100000}
  m_GameObject: {fileID: 1054307310030740}
  m_Enabled: 0
  m_EditorHideFlags: 0
  m_Script: {fileID: 11500000, guid: 98335f20237e3de42a9f0b6415312e23, type: 3}
  m_Name: 
  m_EditorClassIdentifier: 
  TrailData:
    TrailMaterial: {fileID: 2100000, guid: a6c0d0c41df93a243b0e594e935d9a86, type: 2}
    Lifetime: 0.01
    UsingSimpleSize: 0
    SimpleSizeOverLifeStart: 0
    SimpleSizeOverLifeEnd: 0
    SizeOverLife:
      serializedVersion: 2
      m_Curve:
      - serializedVersion: 3
        time: 0
        value: 0.32
        inSlope: 0
        outSlope: 0
        tangentMode: 0
        weightedMode: 0
        inWeight: 0.33333334
        outWeight: 0.33333334
      - serializedVersion: 3
        time: 0.12504676
        value: 0.32065296
        inSlope: -0.98705214
        outSlope: -0.98705214
        tangentMode: 0
        weightedMode: 0
        inWeight: 0.33333334
        outWeight: 0.33333334
      - serializedVersion: 3
        time: 1
        value: 0
        inSlope: -0.2667043
        outSlope: -0.2667043
        tangentMode: 0
        weightedMode: 0
        inWeight: 0.33333334
        outWeight: 0.33333334
      m_PreInfinity: 2
      m_PostInfinity: 2
      m_RotationOrder: 4
    UsingSimpleColor: 0
    SimpleColorOverLifeStart: {r: 0, g: 0, b: 0, a: 0}
    SimpleColorOverLifeEnd: {r: 0, g: 0, b: 0, a: 0}
    ColorOverLife:
      serializedVersion: 2
      key0: {r: 0.9433962, g: 0.57174474, b: 0.30704877, a: 1}
      key1: {r: 1, g: 0, b: 0, a: 0}
      key2: {r: 1, g: 0.9137255, b: 0, a: 0}
      key3: {r: 0, g: 0, b: 0, a: 0}
      key4: {r: 0, g: 0, b: 0, a: 0}
      key5: {r: 0, g: 0, b: 0, a: 0}
      key6: {r: 0, g: 0, b: 0, a: 0}
      key7: {r: 0, g: 0, b: 0, a: 0}
      ctime0: 0
      ctime1: 65535
      ctime2: 65535
      ctime3: 0
      ctime4: 0
      ctime5: 0
      ctime6: 0
      ctime7: 0
      atime0: 0
      atime1: 65535
      atime2: 65535
      atime3: 0
      atime4: 0
      atime5: 0
      atime6: 0
      atime7: 0
      m_Mode: 0
      m_NumColorKeys: 2
      m_NumAlphaKeys: 2
    StretchSizeToFit: 0
    StretchColorToFit: 0
    MaterialTileLength: 1
    UseForwardOverride: 1
    ForwardOverride: {x: -1, y: 0, z: 0}
    ForwardOverrideRelative: 1
  Emit: 1
  MinVertexDistance: 0.1
  MaxNumberOfPoints: 50
  RandomForceScale: 0.1
--- !u!114 &114718231671976244
MonoBehaviour:
  m_ObjectHideFlags: 1
  m_CorrespondingSourceObject: {fileID: 0}
  m_PrefabInternal: {fileID: 100100000}
  m_GameObject: {fileID: 1476820268244610}
  m_Enabled: 0
  m_EditorHideFlags: 0
  m_Script: {fileID: 11500000, guid: 98335f20237e3de42a9f0b6415312e23, type: 3}
  m_Name: 
  m_EditorClassIdentifier: 
  TrailData:
    TrailMaterial: {fileID: 2100000, guid: a6c0d0c41df93a243b0e594e935d9a86, type: 2}
    Lifetime: 0.01
    UsingSimpleSize: 0
    SimpleSizeOverLifeStart: 0
    SimpleSizeOverLifeEnd: 0
    SizeOverLife:
      serializedVersion: 2
      m_Curve:
      - serializedVersion: 3
        time: 0
        value: 0.32
        inSlope: 0
        outSlope: 0
        tangentMode: 0
        weightedMode: 0
        inWeight: 0.33333334
        outWeight: 0.33333334
      - serializedVersion: 3
        time: 0.12504676
        value: 0.32065296
        inSlope: -0.98705214
        outSlope: -0.98705214
        tangentMode: 0
        weightedMode: 0
        inWeight: 0.33333334
        outWeight: 0.33333334
      - serializedVersion: 3
        time: 1
        value: 0
        inSlope: -0.2667043
        outSlope: -0.2667043
        tangentMode: 0
        weightedMode: 0
        inWeight: 0.33333334
        outWeight: 0.33333334
      m_PreInfinity: 2
      m_PostInfinity: 2
      m_RotationOrder: 4
    UsingSimpleColor: 0
    SimpleColorOverLifeStart: {r: 0, g: 0, b: 0, a: 0}
    SimpleColorOverLifeEnd: {r: 0, g: 0, b: 0, a: 0}
    ColorOverLife:
      serializedVersion: 2
      key0: {r: 0.9433962, g: 0.57174474, b: 0.30704877, a: 1}
      key1: {r: 1, g: 0, b: 0, a: 0}
      key2: {r: 1, g: 0.9137255, b: 0, a: 0}
      key3: {r: 0, g: 0, b: 0, a: 0}
      key4: {r: 0, g: 0, b: 0, a: 0}
      key5: {r: 0, g: 0, b: 0, a: 0}
      key6: {r: 0, g: 0, b: 0, a: 0}
      key7: {r: 0, g: 0, b: 0, a: 0}
      ctime0: 0
      ctime1: 65535
      ctime2: 65535
      ctime3: 0
      ctime4: 0
      ctime5: 0
      ctime6: 0
      ctime7: 0
      atime0: 0
      atime1: 65535
      atime2: 65535
      atime3: 0
      atime4: 0
      atime5: 0
      atime6: 0
      atime7: 0
      m_Mode: 0
      m_NumColorKeys: 2
      m_NumAlphaKeys: 2
    StretchSizeToFit: 0
    StretchColorToFit: 0
    MaterialTileLength: 1
    UseForwardOverride: 1
    ForwardOverride: {x: -1, y: 0, z: 0}
    ForwardOverrideRelative: 1
  Emit: 1
  MinVertexDistance: 0.1
  MaxNumberOfPoints: 50
  RandomForceScale: 0.1
--- !u!114 &114889509329117832
MonoBehaviour:
  m_ObjectHideFlags: 1
  m_CorrespondingSourceObject: {fileID: 0}
  m_PrefabInternal: {fileID: 100100000}
  m_GameObject: {fileID: 1054307310030740}
  m_Enabled: 1
  m_EditorHideFlags: 0
  m_Script: {fileID: 11500000, guid: 5f742ccbd25717e438dd6fdea4d66bad, type: 3}
  m_Name: 
  m_EditorClassIdentifier: 
  TrailData:
    TrailMaterial: {fileID: 2100000, guid: 2c45238b0e8e5b443a693d7c92c89d3e, type: 2}
    Lifetime: 0.2
    UsingSimpleSize: 0
    SimpleSizeOverLifeStart: 0
    SimpleSizeOverLifeEnd: 0
    SizeOverLife:
      serializedVersion: 2
      m_Curve:
      - serializedVersion: 3
        time: 0.05833435
        value: 0.21499863
        inSlope: 0
        outSlope: 0
        tangentMode: 0
        weightedMode: 0
        inWeight: 0.33333334
        outWeight: 0.33333334
      - serializedVersion: 3
        time: 1
        value: 0
        inSlope: 0
        outSlope: 0
        tangentMode: 0
        weightedMode: 0
        inWeight: 0.33333334
        outWeight: 0.33333334
      m_PreInfinity: 2
      m_PostInfinity: 2
      m_RotationOrder: 4
    UsingSimpleColor: 0
    SimpleColorOverLifeStart: {r: 0, g: 0, b: 0, a: 0}
    SimpleColorOverLifeEnd: {r: 0, g: 0, b: 0, a: 0}
    ColorOverLife:
      serializedVersion: 2
      key0: {r: 0.9490196, g: 0.36862746, b: 0.105882354, a: 1}
      key1: {r: 1, g: 0.80784315, b: 0, a: 1}
      key2: {r: 0, g: 0.25490198, b: 1, a: 0}
      key3: {r: 0, g: 0, b: 0, a: 0}
      key4: {r: 0, g: 0, b: 0, a: 0}
      key5: {r: 0, g: 0, b: 0, a: 0}
      key6: {r: 0, g: 0, b: 0, a: 0}
      key7: {r: 0, g: 0, b: 0, a: 0}
      ctime0: 386
      ctime1: 65535
      ctime2: 65535
      ctime3: 0
      ctime4: 0
      ctime5: 0
      ctime6: 0
      ctime7: 0
      atime0: 0
      atime1: 65535
      atime2: 65535
      atime3: 0
      atime4: 0
      atime5: 0
      atime6: 0
      atime7: 0
      m_Mode: 0
      m_NumColorKeys: 2
      m_NumAlphaKeys: 2
    StretchSizeToFit: 0
    StretchColorToFit: 0
    MaterialTileLength: 0
    UseForwardOverride: 0
    ForwardOverride: {x: -1, y: 0, z: 0}
    ForwardOverrideRelative: 1
  Emit: 1
  MinVertexDistance: 0.1
  MaxNumberOfPoints: 50
--- !u!210 &210105776876107810
SortingGroup:
  m_ObjectHideFlags: 1
  m_CorrespondingSourceObject: {fileID: 0}
  m_PrefabInternal: {fileID: 100100000}
  m_GameObject: {fileID: 1758325843978166}
  m_Enabled: 1
  m_SortingLayerID: -1878538825
  m_SortingLayer: 6
  m_SortingOrder: 0
--- !u!210 &210728422134958710
SortingGroup:
  m_ObjectHideFlags: 1
  m_CorrespondingSourceObject: {fileID: 0}
  m_PrefabInternal: {fileID: 100100000}
  m_GameObject: {fileID: 1101708264210942}
  m_Enabled: 1
  m_SortingLayerID: -1878538825
  m_SortingLayer: 6
  m_SortingOrder: 0
--- !u!210 &210747865872375958
SortingGroup:
  m_ObjectHideFlags: 1
  m_CorrespondingSourceObject: {fileID: 0}
  m_PrefabInternal: {fileID: 100100000}
  m_GameObject: {fileID: 1552822412513324}
  m_Enabled: 1
  m_SortingLayerID: -1878538825
  m_SortingLayer: 6
  m_SortingOrder: 0
--- !u!212 &212185330735809906
SpriteRenderer:
  m_ObjectHideFlags: 1
  m_CorrespondingSourceObject: {fileID: 0}
  m_PrefabInternal: {fileID: 100100000}
  m_GameObject: {fileID: 1814053857178886}
  m_Enabled: 1
  m_CastShadows: 0
  m_ReceiveShadows: 0
  m_DynamicOccludee: 1
  m_MotionVectors: 1
  m_LightProbeUsage: 1
  m_ReflectionProbeUsage: 1
  m_RenderingLayerMask: 4294967295
  m_Materials:
  - {fileID: 10754, guid: 0000000000000000f000000000000000, type: 0}
  m_StaticBatchInfo:
    firstSubMesh: 0
    subMeshCount: 0
  m_StaticBatchRoot: {fileID: 0}
  m_ProbeAnchor: {fileID: 0}
  m_LightProbeVolumeOverride: {fileID: 0}
  m_ScaleInLightmap: 1
  m_PreserveUVs: 0
  m_IgnoreNormalsForChartDetection: 0
  m_ImportantGI: 0
  m_StitchLightmapSeams: 0
  m_SelectedEditorRenderState: 0
  m_MinimumChartSize: 4
  m_AutoUVMaxDistance: 0.5
  m_AutoUVMaxAngle: 89
  m_LightmapParameters: {fileID: 0}
  m_SortingLayerID: 0
  m_SortingLayer: 0
  m_SortingOrder: 0
  m_Sprite: {fileID: 21300000, guid: 8d8b9df5c13324d2bbaae583eba55159, type: 3}
  m_Color: {r: 1, g: 1, b: 1, a: 1}
  m_FlipX: 0
  m_FlipY: 0
  m_DrawMode: 0
  m_Size: {x: 2.56, y: 2.56}
  m_AdaptiveModeThreshold: 0.5
  m_SpriteTileMode: 0
  m_WasSpriteAssigned: 1
  m_MaskInteraction: 0
  m_SpriteSortPoint: 0
--- !u!212 &212262653091803674
SpriteRenderer:
  m_ObjectHideFlags: 1
  m_CorrespondingSourceObject: {fileID: 0}
  m_PrefabInternal: {fileID: 100100000}
  m_GameObject: {fileID: 1177389143135692}
  m_Enabled: 1
  m_CastShadows: 0
  m_ReceiveShadows: 0
  m_DynamicOccludee: 1
  m_MotionVectors: 1
  m_LightProbeUsage: 1
  m_ReflectionProbeUsage: 1
  m_RenderingLayerMask: 4294967295
  m_Materials:
  - {fileID: 10754, guid: 0000000000000000f000000000000000, type: 0}
  m_StaticBatchInfo:
    firstSubMesh: 0
    subMeshCount: 0
  m_StaticBatchRoot: {fileID: 0}
  m_ProbeAnchor: {fileID: 0}
  m_LightProbeVolumeOverride: {fileID: 0}
  m_ScaleInLightmap: 1
  m_PreserveUVs: 0
  m_IgnoreNormalsForChartDetection: 0
  m_ImportantGI: 0
  m_StitchLightmapSeams: 0
  m_SelectedEditorRenderState: 0
  m_MinimumChartSize: 4
  m_AutoUVMaxDistance: 0.5
  m_AutoUVMaxAngle: 89
  m_LightmapParameters: {fileID: 0}
  m_SortingLayerID: 0
  m_SortingLayer: 0
  m_SortingOrder: 0
  m_Sprite: {fileID: 21300000, guid: f14ab106e9cd94c21b5fd1005463f012, type: 3}
  m_Color: {r: 1, g: 1, b: 1, a: 1}
  m_FlipX: 0
  m_FlipY: 0
  m_DrawMode: 0
  m_Size: {x: 1, y: 1}
  m_AdaptiveModeThreshold: 0.5
  m_SpriteTileMode: 0
  m_WasSpriteAssigned: 1
  m_MaskInteraction: 0
  m_SpriteSortPoint: 0
--- !u!212 &212484447231780836
SpriteRenderer:
  m_ObjectHideFlags: 1
  m_CorrespondingSourceObject: {fileID: 0}
  m_PrefabInternal: {fileID: 100100000}
  m_GameObject: {fileID: 1575136033391200}
  m_Enabled: 1
  m_CastShadows: 0
  m_ReceiveShadows: 0
  m_DynamicOccludee: 1
  m_MotionVectors: 1
  m_LightProbeUsage: 1
  m_ReflectionProbeUsage: 1
  m_RenderingLayerMask: 4294967295
  m_Materials:
  - {fileID: 10754, guid: 0000000000000000f000000000000000, type: 0}
  m_StaticBatchInfo:
    firstSubMesh: 0
    subMeshCount: 0
  m_StaticBatchRoot: {fileID: 0}
  m_ProbeAnchor: {fileID: 0}
  m_LightProbeVolumeOverride: {fileID: 0}
  m_ScaleInLightmap: 1
  m_PreserveUVs: 0
  m_IgnoreNormalsForChartDetection: 0
  m_ImportantGI: 0
  m_StitchLightmapSeams: 0
  m_SelectedEditorRenderState: 0
  m_MinimumChartSize: 4
  m_AutoUVMaxDistance: 0.5
  m_AutoUVMaxAngle: 89
  m_LightmapParameters: {fileID: 0}
  m_SortingLayerID: 0
  m_SortingLayer: 0
  m_SortingOrder: 0
  m_Sprite: {fileID: 21300000, guid: 55a839464689b4638a6338d785699026, type: 3}
  m_Color: {r: 1, g: 1, b: 1, a: 1}
  m_FlipX: 0
  m_FlipY: 0
  m_DrawMode: 0
  m_Size: {x: 1, y: 1}
  m_AdaptiveModeThreshold: 0.5
  m_SpriteTileMode: 0
  m_WasSpriteAssigned: 1
  m_MaskInteraction: 0
  m_SpriteSortPoint: 0
